@article{abadi,
    author =       "Martin Abadi and Andy Chu and Ian Goodfellow and H Brendan McMahan and Ilya Mironov and Kunal Talwar and Li Zhang",
    title =        "{Deep learning with differential privacy}",
    journal =      "In Proceedings of the 2016 ACM SIGSAC conference on computer and communications security",
    pages =        "308â€“318",
    year =         "2016"
}